<?xml version="1.0" encoding="UTF-8"?><collection xmlns="http://www.loc.gov/MARC21/slim"><record><leader>00508nam--2200181-u-4500</leader><controlfield tag="001">000055502</controlfield><controlfield tag="002">20161230</controlfield><controlfield tag="005">20161230201052</controlfield><controlfield tag="008">130215s1000------------r-----000-0-eng-d</controlfield><datafield ind1=" " ind2=" " tag="040"><subfield code="a">IFIN-HH</subfield></datafield><datafield ind1=" " ind2=" " tag="080"><subfield code="a">801.323.2=82=30</subfield></datafield><datafield ind1="1" ind2=" " tag="100"><subfield code="a">Leping, E.I</subfield></datafield><datafield ind1="1" ind2="0" tag="245"><subfield code="a">Russisch-deutsches worterbuch</subfield><subfield code="b">Russko-nemetkii slovari</subfield><subfield code="c">E.i. leping, n.p. strachowa, k. leyn, r. eckert</subfield></datafield><datafield ind1=" " ind2=" " tag="260"><subfield code="a">Moskva</subfield><subfield code="b">Russkii Iazik</subfield><subfield code="c">1983</subfield></datafield><datafield ind1=" " ind2=" " tag="300"><subfield code="a">87P</subfield></datafield><datafield ind1="1" ind2=" " tag="700"><subfield code="a">Eckert, R</subfield></datafield><datafield ind1=" " ind2=" " tag="852"><subfield code="a">D.599</subfield><subfield code="c">SLF</subfield></datafield><datafield ind1=" " ind2=" " tag="CAT"><subfield code="a">Sys</subfield><subfield code="c">20130215</subfield><subfield code="h">134849</subfield></datafield></record></collection>